@article{linares2022jogos,
  title={Jogos com a desigualdade triangular},
  author={Linares, Juan Lopez},
  journal={CQD-Revista Eletr{\^o}nica Paulista de Matem{\'a}tica},
  volume={22},
  number={3},
  pages={73--94},
  year={2022}
}

@article{teste,
	title={Jogos com a desigualdade triangular},
	author={Linares, Juan Lopez},
	journal={CQD-Revista Eletr{\^o}nica Paulista de Matem{\'a}tica},
	volume={22},
	number={3},
	pages={73--94},
	year={2022}
}